Automatically generated by Mendeley Desktop 1.19.4
Any changes to this file will be lost if it is regenerated by Mendeley.

BibTeX export options can be customized via Options -> BibTeX in Mendeley Desktop

@misc{Pevny2019,
author = {Pevn{\'{y}}, Tom{\'{a}}{\v{s}} and Ra{\v{c}}insk{\'{y}}, Mat{\v{e}}j},
howpublished = {$\backslash$url{\{}https://github.com/CTUAvastLab/JsonGrinder.jl{\}}},
title = {{JsonGrinder.jl}},
year = {2019}
}
@article{Innes2018,
archivePrefix = {arXiv},
arxivId = {1811.01457},
author = {Innes, Michael and Saba, Elliot and Fischer, Keno and Gandhi, Dhairya and Rudilosso, Marco Concetto and Joy, Neethu Mariya and Karmali, Tejan and Pal, Avik and Shah, Viral},
eprint = {1811.01457},
journal = {CoRR},
title = {{Fashionable Modelling with Flux}},
url = {https://arxiv.org/abs/1811.01457},
volume = {abs/1811.0},
year = {2018}
}
@misc{Pevny2018,
author = {Pevn{\'{y}}, Tom{\'{a}}{\v{s}} and Mandl{\'{i}}k, {\v{S}}imon},
howpublished = {$\backslash$url{\{}https://github.com/CTUAvastLab/Mill.jl{\}}},
title = {{Mill.jl framework: a flexible library for (hierarchical) multi-instance learning}},
year = {2018}
}
@article{Innes2018a,
author = {Innes, Mike},
doi = {10.21105/joss.00602},
journal = {Journal of Open Source Software},
title = {{Flux: Elegant Machine Learning with Julia}},
year = {2018}
}
