Automatically generated by Mendeley Desktop 1.19.4
Any changes to this file will be lost if it is regenerated by Mendeley.

BibTeX export options can be customized via Options -> BibTeX in Mendeley Desktop

@misc{Cape,
author = {O'Reilly, Kevin},
booktitle = {GitHub repository},
howpublished = {$\backslash$url{\{}https://github.com/kevoreilly/CAPEv2{\}}},
publisher = {GitHub},
title = {{Project Title}},
year = {2020}
}
