Automatically generated by Mendeley Desktop 1.19.4
Any changes to this file will be lost if it is regenerated by Mendeley.

BibTeX export options can be customized via Options -> BibTeX in Mendeley Desktop

@article{Kingma2014,
author = {Kingma, Diederik and Ba, Jimmy},
journal = {International Conference on Learning Representations},
title = {{Adam: A Method for Stochastic Optimization}},
year = {2014}
}
