Automatically generated by Mendeley Desktop 1.19.4
Any changes to this file will be lost if it is regenerated by Mendeley.

BibTeX export options can be customized via Options -> BibTeX in Mendeley Desktop

@techreport{Xu2003,
author = {Xu, Xin},
title = {{Statistical learning in multiple instance problems}},
year = {2003}
}
@mastersthesis{Mandlik2020,
author = {Mandlik, Simon and Pevny, Tomas},
publisher = {Czech Technical University in Prague},
title = {{Mapping the Internet — Modelling Entity Interactions in Complex Heterogeneous Networks}},
year = {2020}
}
@article{Dietterich1997,
address = {GBR},
author = {Dietterich, Thomas G and Lathrop, Richard H and Lozano-P{\'{e}}rez, Tom{\'{a}}s},
doi = {10.1016/S0004-3702(96)00034-3},
issn = {0004-3702},
journal = {Artif. Intell.},
keywords = {drug design,machine learning,structure-activity relationships},
number = {1–2},
pages = {31--71},
publisher = {Elsevier Science Publishers Ltd.},
title = {{Solving the Multiple Instance Problem with Axis-Parallel Rectangles}},
url = {https://doi.org/10.1016/S0004-3702(96)00034-3},
volume = {89},
year = {1997}
}
@inproceedings{Keeler1991,
author = {Keeler, James and Rumelhart, David and Leow, Wee},
booktitle = {Advances in Neural Information Processing Systems},
editor = {Lippmann, R P and Moody, J and Touretzky, D},
publisher = {Morgan-Kaufmann},
title = {{Integrated Segmentation and Recognition of Hand-Printed Numerals}},
url = {https://proceedings.neurips.cc/paper/1990/file/e46de7e1bcaaced9a54f1e9d0d2f800d-Paper.pdf},
volume = {3},
year = {1991}
}
